@book{Gallier,
 author = {Gallier, Jean},
 title = {Curves and surfaces in geometric modeling: theory and algorithms},
 year = {2000},
 isbn = {1-55860-599-1},
 publisher = {Morgan Kaufmann Publishers Inc.},
 address = {San Francisco, CA, USA},
}
@book{numR,
 author = {Press, William H. and Teukolsky, Saul A. and Vetterling, William T. and Flannery, Brian P.},
 title = {Numerical Recipes 3rd Edition: The Art of Scientific Computing},
 year = {2007},
 isbn = {0521880688, 9780521880688},
 edition = {3},
 publisher = {Cambridge University Press},
 address = {New York, NY, USA},
} 
@MISC{Tesic,
    author = {Jelena Tesic},
    title = {Evaluating a Class of Dimensionality Reduction Algorithms Abstract},
    year = {}
}
@Misc{numpy,
  author =    {Eric Jones and Travis Oliphant and Pearu Peterson and others},
  title =     {{SciPy}: Open source scientific tools for {Python}},
  year =      {2001--},
  url = "http://www.scipy.org/"
}
@book{nltk,
  author = {Steven Bird and Ewan Klein and Edward Loper},
  title = {{Natural Language Processing with Python}},
  publisher = {O'Reilly Media},
  year = 2009
}
@InProceedings{Movies,
  author =       {Bo Pang and Lillian Lee},
  title =        {A Sentimental Education: Sentiment Analysis Using Subjectivity Summarization Based on Minimum Cuts},
  booktitle =    "Proceedings of the ACL",
  year =         2004
}
@inproceedings{Yang,
  added-at = {2011-02-17T04:11:20.000+0100},
  author = {Swaminathan, Rajesh and Sharma, Abhishek and Yang, Hui},
  biburl = {http://www.bibsonomy.org/bibtex/25ae21641bcf5f454a9043c4692587fbd/huiyangsfsu},
  booktitle = {the Nineth International Workshop on Data Mining in Bioinformatics (BIOKDD 2010)},
  interhash = {bf495e1a01e76663d59dbae3acf4f024},
  intrahash = {5ae21641bcf5f454a9043c4692587fbd},
  keywords = {CAT CAT-OPINION-bio bk-ngx feature mining opinion selection},
  month = {July},
  timestamp = {2011-02-17T04:11:20.000+0100},
  title = {Opinion Mining for Biomedical Text Data: Feature Space Design and Feature Selection},
  url = {http://cs.sfsu.edu/~huiyang/publications.htm},
  year = 2010
}
@MISC{Joachims,
    author = {Thorsten Joachims},
    title = {      Making Large-Scale Support Vector Machine Learning Practical },
    year = {1998}
}
@misc{UCI,
author = "A. Frank and A. Asuncion",
year = "2010",
title = "{UCI} Machine Learning Repository",
url = "http://archive.ics.uci.edu/ml",
institution = "University of California, Irvine, School of Information and Computer Sciences" } @MISC{Bern,
    author = {Marshall Bern and David Eppstein},
    title = {Optimization Over Zonotopes and Training Support Vector Machines},
    year = {2001}
}
@inproceedings{Molina,
    author = {Molina, L. C. and Belanche, L. and Nebot, A.},
    booktitle = {2002 IEEE International Conference on Data Mining, 2002. Proceedings.},
    citeulike-article-id = {530844},
    citeulike-linkout-0 = {http://dx.doi.org/10.1109/ICDM.2002.1183917},
    citeulike-linkout-1 = {http://ieeexplore.ieee.org/xpls/abs\_all.jsp?arnumber=1183917},
    doi = {10.1109/ICDM.2002.1183917},
    isbn = {0-7695-1754-4},
    journal = {Data Mining, 2002. ICDM 2002. Proceedings. 2002 IEEE International Conference on},
    keywords = {feature, learning, machine, selection},
    location = {Maebashi City, Japan},
    pages = {306--313},
    posted-at = {2012-10-22 02:21:11},
    priority = {2},
    publisher = {IEEE Comput. Soc},
    title = {Feature selection algorithms: a survey and experimental evaluation},
    url = {http://dx.doi.org/10.1109/ICDM.2002.1183917},
    year = {2002}
}@MISC{Garg,
    author = {Ashutosh Garg and Sariel Har-peled and Dan Roth},
    title = {On Generalization Bounds, Projection Profile, and Margin Distribution},
    year = {2002}
}
@Book{webster,
 author = {Webster, Roger},
 title = {Convexity},
 publisher = {Oxford University Press},
 year = {1994},
 address = {Oxford New York},
 isbn = {0198531478}
 }
@book{HanKamber,
  author = {Han, J. and Kamber, M.},
  edition = {Second},
  interhash = {9ad2758c79cf179ea2a2d0a8fb783095},
  intrahash = {2934982991ce5b0909d5d7a5f02def9a},
  publisher = {Morgan Kaufmann},
  timestamp = {2009-09-13T18:58:21.000+0200},
  title = {{Data mining: concepts and techniques}},
  year = 2006
}
@book{Vapnik,
  added-at = {2009-11-30T17:48:31.000+0100},
  author = {Vapnik, Vladimir N.},
  biburl = {http://www.bibsonomy.org/bibtex/21a5aaa75fa8be088b01a7381d2f661be/fluctuator},
  interhash = {f211eacca8f6ce50e9c31c6bcc482809},
  intrahash = {1a5aaa75fa8be088b01a7381d2f661be},
  keywords = {imported},
  owner = {CHAENIG},
  publisher = {Wiley-Interscience},
  timestamp = {2009-11-30T17:48:31.000+0100},
  title = {Statistical Learning Theory},
  year = 1998
}

@INPROCEEDINGS{Bradley,
    author = {P.S. Bradley and O. L. Mangasarian},
    title = {Feature Selection via Concave Minimization and Support Vector Machines},
    booktitle = {Machine Learning Proceedings of the Fifteenth International Conference(ICML Õ98},
    year = {1998},
    pages = {82--90},
    publisher = {Morgan Kaufmann}
}